[gd_scene load_steps=7 format=3 uid="uid://baj22ifxjp2yr"]

[ext_resource type="Script" path="res://world/floors.gd" id="1_rs8g3"]
[ext_resource type="Script" path="res://world/floor.gd" id="2_1nocn"]
[ext_resource type="Texture2D" uid="uid://57n6sw50cb5i" path="res://world/gradient.tres" id="3_c4b08"]
[ext_resource type="Texture2D" uid="uid://kh11ujmg0ccq" path="res://world/gradient2.tres" id="4_bgywy"]

[sub_resource type="RectangleShape2D" id="RectangleShape2D_k1rmy"]
size = Vector2(200, 189)

[sub_resource type="RectangleShape2D" id="RectangleShape2D_j84w0"]
size = Vector2(2176, 113)

[node name="Floors" type="Node2D"]
script = ExtResource("1_rs8g3")

[node name="Floor Rotation" type="StaticBody2D" parent="." groups=["rotator"]]
position = Vector2(-2344, 0)
collision_mask = 0
metadata/_edit_group_ = true

[node name="CollisionShape2D" type="CollisionShape2D" parent="Floor Rotation"]
shape = SubResource("RectangleShape2D_k1rmy")

[node name="Odd Floor" type="CharacterBody2D" parent="."]
position = Vector2(8, -16)
collision_layer = 2
script = ExtResource("2_1nocn")
metadata/_edit_group_ = true

[node name="Sprite2D" type="Sprite2D" parent="Odd Floor"]
position = Vector2(704, -25)
scale = Vector2(34, 1.78125)
texture = ExtResource("3_c4b08")

[node name="CollisionShape2D" type="CollisionShape2D" parent="Odd Floor"]
position = Vector2(700, -25.5)
shape = SubResource("RectangleShape2D_j84w0")

[node name="Even Floor" type="CharacterBody2D" parent="."]
position = Vector2(1792, -16)
collision_layer = 2
script = ExtResource("2_1nocn")
metadata/_edit_group_ = true

[node name="Sprite2D" type="Sprite2D" parent="Even Floor"]
position = Vector2(1088.5, -25)
scale = Vector2(33.9844, 1.78125)
texture = ExtResource("4_bgywy")

[node name="CollisionShape2D" type="CollisionShape2D" parent="Even Floor"]
position = Vector2(1088, -25.5)
shape = SubResource("RectangleShape2D_j84w0")
