[gd_scene load_steps=8 format=3 uid="uid://co1hxb6dsv3t8"]

[ext_resource type="Script" path="res://world/level.gd" id="1_mgmkm"]
[ext_resource type="Texture2D" uid="uid://57n6sw50cb5i" path="res://world/gradient.tres" id="3_snh6i"]
[ext_resource type="PackedScene" uid="uid://biu8rrp7pt1q3" path="res://enemies/obstacle.tscn" id="5_0sm53"]
[ext_resource type="PackedScene" uid="uid://uybsqs3h6ff6" path="res://enemies/enemies.tscn" id="5_66o2q"]
[ext_resource type="PackedScene" uid="uid://baj22ifxjp2yr" path="res://world/floors.tscn" id="6_e6xt4"]
[ext_resource type="PackedScene" uid="uid://c1w7kqd4uckko" path="res://enemies/spikes.tscn" id="6_uywex"]

[sub_resource type="RectangleShape2D" id="RectangleShape2D_j84w0"]
size = Vector2(3872, 119.5)

[node name="Level" type="Node2D"]
position = Vector2(0, 648)
script = ExtResource("1_mgmkm")

[node name="Ceiling" type="StaticBody2D" parent="."]
unique_name_in_owner = true
position = Vector2(0, -670)
collision_layer = 2
collision_mask = 3
metadata/_edit_group_ = true

[node name="Sprite2D" type="Sprite2D" parent="Ceiling"]
position = Vector2(1936.5, -25)
scale = Vector2(60.4844, 1.78125)
texture = ExtResource("3_snh6i")

[node name="CollisionShape2D" type="CollisionShape2D" parent="Ceiling"]
position = Vector2(1936, -29.75)
shape = SubResource("RectangleShape2D_j84w0")

[node name="Bombs" parent="." instance=ExtResource("5_66o2q")]
unique_name_in_owner = true
position = Vector2(1352, -384)
group_name = "bomb"
speed = 300.0
obstacle_scene = ExtResource("5_0sm53")
min_spawn = 0.2
max_spawn = 1.8

[node name="Ticker" type="Timer" parent="."]
autostart = true

[node name="Floors" parent="." instance=ExtResource("6_e6xt4")]
unique_name_in_owner = true

[node name="Spikes" parent="." instance=ExtResource("5_66o2q")]
unique_name_in_owner = true
position = Vector2(1912, -638)
group_name = "spikes"
speed = 250.0
obstacle_scene = ExtResource("6_uywex")
min_spawn = 0.1
max_spawn = 0.4

[connection signal="timeout" from="Ticker" to="." method="_on_score"]
